<?xml version="1.0" encoding="UTF-8"?><collection xmlns="http://www.loc.gov/MARC21/slim"><record><leader>00473nam--2200181-i-4500</leader><controlfield tag="001">000020343</controlfield><controlfield tag="002">20161230</controlfield><controlfield tag="005">20170102232131</controlfield><controlfield tag="008">060222s1000------------r-----000-0-eng-d</controlfield><datafield ind1=" " ind2=" " tag="080"><subfield code="a">621.9</subfield></datafield><datafield ind1=" " ind2=" " tag="100"><subfield code="a">Enciu, George</subfield></datafield><datafield ind1=" " ind2=" " tag="245"><subfield code="a">Sisteme de scule pentru masini-unelte cu comanda numerica</subfield></datafield><datafield ind1=" " ind2=" " tag="260"><subfield code="a">Bucuresti</subfield><subfield code="b">Editura Tehnica</subfield><subfield code="c">1986</subfield></datafield><datafield ind1=" " ind2=" " tag="300"><subfield code="a">383 p</subfield></datafield><datafield ind1=" " ind2=" " tag="490"><subfield code="a">Colectia De Atelier</subfield></datafield><datafield ind1=" " ind2=" " tag="700"><subfield code="a">Marinescu, Ion</subfield></datafield><datafield ind1=" " ind2=" " tag="852"><subfield code="a">73566</subfield></datafield><datafield ind1=" " ind2=" " tag="CAT"><subfield code="a">SYS</subfield><subfield code="c">20170102</subfield><subfield code="h">232131</subfield></datafield></record></collection>